@article{facnum,
	author = {Е. Канфилд and П. Ердёш and К. Померанц},
	year = {1983},
	title = {О проблеме Оппенгеймера, касающейся факторизации чисел},
	journal = {Теория Чисел},
	volume = {14},
	pages = {1--28}
	}

@article{sand,
	author = {Дж. Дэвис and Д. Холдридж},
	year = {1983},
	title = {Факторизация с использованием алгоритма квадратичного решета},
	journal = {Sandia Report Sand},
	volume = {83-1346}
	}	
	
@book{knuth,
	author = {Д. Кнут},
	title = {Искусство программирования},
	publisher = {Addison Wesley},
	year = {1981},
	edition = {2},
	volume = {2},
	series = {Получисленные алгоритмы}
	}

@book{krai,
	author = {М. Краичик},
	title = {Theorie des Nombres},
	publisher = {Guthier-Villars},
	address = {Paris},
	year = {1926},
	volume = {2}
	}

	
@book{krai2,
	author = {М. Краичик},
	title = {Recherches sur la Theorie des Nombres},
	publisher = {Guthier-Villars},
	address = {Paris},
	series = {Факторизация},
	year = {1929},
	volume = {2}
	}

@article{bull,
	author = {Д. Лемер and Р. Пауэрс},
	title = {О факторизации больших чисел},
	year = {1931},
	journal = {Bulletin of the AMS},
	volume = {37},
	pages = {770--776}
	}
	
@arcticle{miller,
	author = {Дж. Миллер},
	year = {1975},
	title = {О факторизации с предложенным новым подходом},
	journal = {Math. Comp.},
	volume = {29},
	pages = {155--172}
	}

@conference{monier,
	author = {Л. Мони},
	title = {Algorithmes de factorisation d'entiers},
	booktitle = {Orsay},
	year = {1980}
	}
	
@misc{mont,
	author = {П. Монтгомери},
	title = {Личная беседа}
	}
	
@article{moris,
	author = {М. Моррисон and Дж. Бриллхарт},
	title = {Методы факторизации},
	journal = {Math. Comp.},
	volume = {29},
	year = {1975},
	pages = {183--205}
}

@article{pomer,
	author = {К. Померанц},
	title = {Анализ и сравнение некоторых целочисленных алгоритмов факторизации},
	journal = {Math. Centrum Tract},
	volume = {154},
	year = {1982},
	pages = {89--139}
	}
	
@article{wags,
	author = {К. Померанц and С. Вагстафф мл.},
	title = {Реализация алгоритма на непрерывных дробях},
	journal = {Cong. Numerantium},
	volume = {37},
	year = {1983},
	pages = {99--119}
	}
	
@book{shnor,
	author = {С, Шнорр and Х. Ленстра мл.},
	title = {Алгоритм факторизации Монте Карло с ограниченной памятью},
	publisher = {препринт}
	}
	
@book{wunder,
	author = {М. Вундерлих},
	title = {Доклад о факторизации 2797 чисел с использованием алгоритма на непрерывных дробях},
	publisher = {неопубликованные манускрипты}
	}
	
	
}