@article{bull,
	author = {Дж. Буллхарт and Д. Лемер and Дж. Селфридж and Б. Такерман and С. Вагстафф мл.},
	title = {Факторизации $b^n \pm 1, b = 2, 3, 5, 6, 7, 10, 11, 12$ включая большие степени},
	journal = {Contemp. Math.},
	volume = {22},
	year = {1983}
	}
	
@article{sand,
	author = {Дж. Дэвис and Д. Холдридж},
	year = {1983},
	title = {Факторизация с использованием алгоритма квадратичного решета},
	journal = {Sandia Report Sand},
	volume = {83-1346}
}	

@book{knuth,
	author = {Д. Кнут},
	title = {Искусство программирования},
	publisher = {Addison Wesley},
	year = {1981},
	edition = {2},
	volume = {2},
	series = {Получисленные алгоритмы}
	}

@article{davis,
	author = {Дж. Дэвис and Д. Холдридж},
	year = {1985},
	title = {``Отчет о статусе факторизации'', Продвижения в криптологии},
	journal = {Записки с лекций компьютерных наук},
	volume = {209},
	publisher = {Springer-Verlag},
	address = {Берлин and Нью-Йорк},
	year = {1985},
	pages = {183--215}
}

@article{gerv,
	author = {Дж. Гервер},
	title = {Факторизация больших чисел с помощью квадратичного решета},
	journal = {Math. Comp.},
	volume = {41},
	year = {1983},
	pages = {287--294}
	}

@misc{mont,
	author = {П. Монтгомери},
	title = {Личная беседа}
	}

@article{moris,
	author = {М. Моррисон and Дж. Бриллхарт},
	title = {Методы факторизации F7},
	journal = {Math. Comp.},
	volume = {29},
	year = {1975},
	pages = {183--205}
}

@misc{pomer,
	author = {К. Померанц},
	title = {Личная беседа}
	}
	
@article{pomer2,
	author = {К. Померанц},
	title = {``Алгоритм факторизации с квадратичным решетом'', Продвижения в криптологии},
	journal = {Записки с лекций компьютерных наук},
	year = {1985},
	address = {Берлин and Нью-Йорк},
	pages = {169--182}
	}
	
@article{pomer3,
	author = {К. Померанц},
	title = {Анализ и сравнение некоторых целочисленных алгоритмов факторизации},
	journal = {Math. Centrum Tract},
	volume = {154},
	year = {1982},
	pages = {89--139}
	}

@article{wags,
	author = {К. Померанц and С. Вагстафф мл.},
	title = {Реализация алгоритма на непрерывных дробях},
	journal = {Cong. Numerantium},
	volume = {37},
	year = {1983},
	pages = {99--119}
	}